<?xml version="1.0" encoding="UTF-8"?><record xmlns="http://www.loc.gov/MARC21/slim" xmlns:cinclude="http://apache.org/cocoon/include/1.0" xmlns:zs="http://www.loc.gov/zing/srw/">
  <leader>00519cz  a2200133n  4500</leader>
  <controlfield tag="001">n  89617496 </controlfield>
  <controlfield tag="003">DLC</controlfield>
  <controlfield tag="005">19900606055050.0</controlfield>
  <controlfield tag="008">890324n| acannaab|          |n aaa      </controlfield>
  <datafield tag="010" ind1=" " ind2=" ">
    <subfield code="a">n  89617496 </subfield>
  </datafield>
  <datafield tag="040" ind1=" " ind2=" ">
    <subfield code="a">DLC</subfield>
    <subfield code="c">DLC</subfield>
    <subfield code="d">NjP</subfield>
  </datafield>
  <datafield tag="100" ind1="1" ind2="0">
    <subfield code="a">Mencherini, Saturnino,</subfield>
    <subfield code="d">1870-1937</subfield>
  </datafield>
  <datafield tag="670" ind1=" " ind2=" ">
    <subfield code="a">nuc89-1767: His Guida illustrata della Verna [MI] 1907</subfield>
    <subfield code="b">(hdg. on NStBU rept.: Mencherini, Saturnino, 1870-1937; usage: P. Saturnino Mencherini, O.F.M.)</subfield>
  </datafield>
  <datafield tag="670" ind1=" " ind2=" ">
    <subfield code="a">His Santa Croce di Firence [MI] 1921-1923:</subfield>
    <subfield code="b">(P. Saturnino Mencherini O.F.M.)</subfield>
  </datafield>
</record>